<collection xmlns="http://www.loc.gov/MARC21/slim">
<record>
  <leader>01457ncm0a22002651i 450 </leader>
  <controlfield tag="001">IT\ICCU\CNCE\046886</controlfield>
  <controlfield tag="005">20141107000000.0</controlfield>
  <datafield tag="100" ind1=" " ind2=" ">
    <subfield code="a">19990205d1578        0itac0103    ba</subfield>
  </datafield>
  <datafield tag="101" ind1=" " ind2=" ">
    <subfield code="a">ITA</subfield>
  </datafield>
  <datafield tag="102" ind1=" " ind2=" ">
    <subfield code="a">IT</subfield>
  </datafield>
  <datafield tag="200" ind1="1" ind2=" ">
    <subfield code="a">℗Di Leonardo Meldert fiamengo maestro di capella dell&apos;illustrissimo et reuerendiss. signor cardinale d&apos;Urbino, il ℗Primo libro de madrigali a cinque voci. Nouamente da lui composti, &amp; dati in luce</subfield>
  </datafield>
  <datafield tag="210" ind1=" " ind2=" ">
    <subfield code="a">In Vineggia</subfield>
    <subfield code="c">appresso l&apos;herede di Giromalo Scotto</subfield>
    <subfield code="d">1578</subfield>
  </datafield>
  <datafield tag="215" ind1=" " ind2=" ">
    <subfield code="a">5 fasc.</subfield>
    <subfield code="d">4ʻ</subfield>
  </datafield>
  <datafield tag="300" ind1=" " ind2=" ">
    <subfield code="a">S, A, T, B, 5</subfield>
  </datafield>
  <datafield tag="620" ind1=" " ind2=" ">
    <subfield code="a">IT</subfield>
    <subfield code="d">Venezia</subfield>
  </datafield>
  <datafield tag="700" ind1=" " ind2="1">
    <subfield code="a">Meldert,</subfield>
    <subfield code="b">Leonard</subfield>
    <subfield code="3">IT\ICCU\CNCA\012205</subfield>
  </datafield>
  <datafield tag="712" ind1="0" ind2="0">
    <subfield code="a">Scoto, Girolamo - erede</subfield>
    <subfield code="3">IT\ICCU\CNCT\000459</subfield>
    <subfield code="4">650</subfield>
  </datafield>
  <datafield tag="790" ind1=" " ind2="1">
    <subfield code="a">Meldart,</subfield>
    <subfield code="b">Leonard</subfield>
    <subfield code="3">IT\ICCU\CNCA\021001</subfield>
    <subfield code="z">Meldert, Leonard</subfield>
  </datafield>
  <datafield tag="790" ind1=" " ind2="1">
    <subfield code="a">Meldarz,</subfield>
    <subfield code="b">Leonard</subfield>
    <subfield code="3">IT\ICCU\CNCA\021002</subfield>
    <subfield code="z">Meldert, Leonard</subfield>
  </datafield>
  <datafield tag="801" ind1=" " ind2="3">
    <subfield code="a">IT</subfield>
    <subfield code="b">ICCU</subfield>
    <subfield code="c">20201115</subfield>
  </datafield>
  <datafield tag="899" ind1=" " ind2=" ">
    <subfield code="a">Museo Internazionale e Biblioteca della Musica. Bologna</subfield>
    <subfield code="z">(S,A,T,B,5)</subfield>
    <subfield code="1">BO0310</subfield>
    <subfield code="2">UBO BM</subfield>
  </datafield>
  <datafield tag="899" ind1=" " ind2=" ">
    <subfield code="a">Biblioteca Estense Universitaria. Modena</subfield>
    <subfield code="z">(A,T,B,5)</subfield>
    <subfield code="1">MO0089</subfield>
    <subfield code="2">MOD BE</subfield>
  </datafield>
  <datafield tag="899" ind1=" " ind2=" ">
    <subfield code="a">Biblioteca musicale governativa del Conservatorio di musica S. Cecilia. Roma</subfield>
    <subfield code="z">(S,T)</subfield>
    <subfield code="1">RM0266</subfield>
    <subfield code="2">RMR SC</subfield>
  </datafield>
  <datafield tag="911" ind1=" " ind2=" ">
    <subfield code="a">Sul front.</subfield>
    <subfield code="9">IT\ICCU\CNCM\001409</subfield>
  </datafield>
  <datafield tag="921" ind1=" " ind2=" ">
    <subfield code="a">IT\ICCU\CNCM\001409</subfield>
    <subfield code="b">Ancora tra un ramo di olivo e un ramo di palma germoglianti da un tronco, e congiunti dalle iniziali S.O.S. In cornice.</subfield>
    <subfield code="e">In tenebris fulget</subfield>
    <subfield code="c">Z62</subfield>
    <subfield code="d">Dimensioni: 7,5 x 10</subfield>
    <subfield code="f">ANCORA</subfield>
    <subfield code="f">INTENEBRIS</subfield>
    <subfield code="f">OLIVO</subfield>
    <subfield code="f">PALMA</subfield>
    <subfield code="f">SOS</subfield>
    <subfield code="g">1545-1590</subfield>
  </datafield>
</record>
</collection>
